<record><leader>00000cas a22000007a 4500</leader><controlfield tag="001">18288701</controlfield><controlfield tag="008">880729d1881188ualuwr ne      0    0eng d</controlfield><datafield ind1=" " ind2=" " tag="010"><subfield code="a">sn 88050139 </subfield></datafield><datafield ind1=" " ind2=" " tag="040"><subfield code="a">CPN</subfield><subfield code="b">eng</subfield><subfield code="c">CPN</subfield><subfield code="d">OCLCQ</subfield></datafield><datafield ind1=" " ind2=" " tag="042"><subfield code="a">msc</subfield></datafield><datafield ind1="0" ind2=" " tag="130"><subfield code="a">Athens post (Athens, Ala. : 1881)</subfield></datafield><datafield ind1="1" ind2="4" tag="245"><subfield code="a">The Athens post.</subfield></datafield><datafield ind1=" " ind2=" " tag="260"><subfield code="a">Athens, Ala. :</subfield><subfield code="b">T.H. Field and J.P. Field,</subfield><subfield code="c">1881-</subfield></datafield><datafield ind1=" " ind2=" " tag="310"><subfield code="a">Weekly</subfield></datafield><datafield ind1="0" ind2=" " tag="362"><subfield code="a">Vol. 1, no. 1 (June 22, 1881)-</subfield></datafield><datafield ind1=" " ind2=" " tag="752"><subfield code="a">United States</subfield><subfield code="b">Alabama</subfield><subfield code="c">Limestone</subfield><subfield code="d">Athens.</subfield></datafield></record>